@Book{xie2015,
  title = {Dynamic Documents with {R} and knitr},
  author = {Yihui Xie},
  publisher = {Chapman and Hall/CRC},
  address = {Boca Raton, Florida},
  year = {2015},
  edition = {2nd},
  note = {ISBN 978-1498716963},
  url = {http://yihui.name/knitr/},
}

@Book{hernandez_usuga,
  title = {Manual de {R}},
  author = {Hern\'andez, F. and Usuga, O.},
  publisher = {},
  address = {Medell\'in, Colombia},
  year = {2018},
  edition = {},
  note = {ISBN xxx-xxxxxxxxx},
  url = {https://fhernanb.github.io/Manual-de-R/},
}
